@MISC{langdetect,
    title = {Language detection library},
    year = {2014},
	author = {Michal Danilak}
	url = {https://pypi.python.org/pypi/langdetect}
}

@article{DBLP:journals/corr/AndorAWSPGPC16,
  author    = {Daniel Andor and
               Chris Alberti and
               David Weiss and
               Aliaksei Severyn and
               Alessandro Presta and
               Kuzman Ganchev and
               Slav Petrov and
               Michael Collins},
  title     = {Globally Normalized Transition-Based Neural Networks},
  journal   = {CoRR},
  volume    = {abs/1603.06042},
  year      = {2016},
  url       = {http://arxiv.org/abs/1603.06042},
  timestamp = {Sat, 02 Apr 2016 11:49:48 +0200},
  biburl    = {http://dblp.uni-trier.de/rec/bib/journals/corr/AndorAWSPGPC16},
  bibsource = {dblp computer science bibliography, http://dblp.org}
}

@inproceedings{pennington2014glove,
  author = {Jeffrey Pennington and Richard Socher and Christopher D. Manning},
  booktitle = {Empirical Methods in Natural Language Processing (EMNLP)},
  title = {GloVe: Global Vectors for Word Representation},
  year = {2014},
  pages = {1532--1543},
  url = {http://www.aclweb.org/anthology/D14-1162},
}

@inproceedings{Ding:2008:HLA:1341531.1341561,
	author = {Ding, Xiaowen and Liu, Bing and Yu, Philip S.},
	title = {A Holistic Lexicon-based Approach to Opinion Mining},
	booktitle = {Proceedings of the 2008 International Conference on Web Search and Data Mining},
	series = {WSDM '08},
	year = {2008},
	isbn = {978-1-59593-927-2},
	location = {Palo Alto, California, USA},
	pages = {231--240},
	numpages = {10},
	url = {http://doi.acm.org/10.1145/1341531.1341561},
	doi = {10.1145/1341531.1341561},
	acmid = {1341561},
	publisher = {ACM},
	address = {New York, NY, USA},
	keywords = {context dependent opinions, opinion mining, sentiment analysis},
}

@inproceedings{Hu:2004:MSC:1014052.1014073,
	author = {Hu, Minqing and Liu, Bing},
	title = {Mining and Summarizing Customer Reviews},
	booktitle = {Proceedings of the Tenth ACM SIGKDD International Conference on Knowledge Discovery and Data Mining},
	series = {KDD '04},
	year = {2004},
	isbn = {1-58113-888-1},
	location = {Seattle, WA, USA},
	pages = {168--177},
	numpages = {10},
	url = {http://doi.acm.org/10.1145/1014052.1014073},
	doi = {10.1145/1014052.1014073},
	acmid = {1014073},
	publisher = {ACM},
	address = {New York, NY, USA},
	keywords = {reviews, sentiment classification, summarization, text mining},
} 

@MISC{syntaxnet,
	author = {
		Alessandro Presta and
		Aliaksei Severyn and
		Andy Golding and
		Bernd Bohnet and
		Chris Alberti and
		Daniel Andor and
		David Weiss and
		Emily Pitler and
		Greg Coppola and
		Ivan Bogatyy and
		Ji Ma and
		Keith Hall and
		Kuzman Ganchev and
		Livio Baldini Soares and
		Michael Collins and
		Michael Ringgaard and
		Ryan McDonald and
		Slav Petrov and
		Stefan Istrate and
		Terry Koo and
		Tim Credo
	},
	title = {SyntaxNet: Neural Models of Syntax},
	url = {https://github.com/tensorflow/models/tree/master/syntaxnet}
}

@MISC{dependency,
	author = {Graham Neubig},
	year = {2014},
	title = {NLP Programming Tutorial 12 - Dependency Parsing},
	url = {www.phontron.com/slides/nlp-programming-en-11-depend.pdf}
}

@article{hongsentiment,
	added-at = {2017-01-13T12:07:32.000+0100},
	author = {Hong, James and Fang, Michael},
	biburl = {https://www.bibsonomy.org/bibtex/26f87c0296e536e03bd4abdf0011de6ea/albinzehe},
	interhash = {fe664377996d98110582602c86cd3c18},
	intrahash = {6f87c0296e536e03bd4abdf0011de6ea},
	keywords = {ma-zehe neuralnets rnn sentimentanalysis},
	timestamp = {2017-01-13T12:07:32.000+0100},
	title = {Sentiment Analysis with Deeply Learned Distributed Representations of Variable Length Texts},
	year = 2015
}

@MISC{bootstrapping,
	author = {Canales, Lea and
			  Strappavara, Carlo and
			  Boldrini, Ester and
			  Mart√≠nez-Barco, Patricio},
	title = {Bootstrapping Technique + Embeddings = Emotional Corpus Annotated Automatically},
	year = 2015
}